@book{audinTorusActionsSymplectic2004,
  title = {Torus {{Actions}} on {{Symplectic Manifolds}}},
  author = {Audin, Mich{\`e}le},
  year = {2004},
  series = {Progress in {{Mathematics}}},
  edition = {second revised},
  volume = {93},
  pages = {325},
  publisher = {Springer},
  address = {Basel},
  doi = {10.1007/978-3-0348-7960-6},
  isbn = {3-7643-2176-8}
}

@book{axlerLinearAlgebraDone2015,
  title = {Linear {{Algebra Done Right}}},
  author = {Axler, Sheldon},
  year = {2015},
  series = {Undergraduate {{Texts}} in {{Mathematics}}},
  publisher = {Springer, Cham},
  doi = {10.1007/978-3-319-11080-6},
  isbn = {978-3-319-11079-0 978-3-319-11080-6}
}

@book{cannasdasilvaLecturesSymplecticGeometry2001,
  title = {Lectures on {{Symplectic Geometry}}},
  author = {{Cannas da Silva}, Ana},
  year = {2001},
  series = {Lecture {{Notes}} in {{Mathematics}}},
  number = {1764},
  publisher = {Springer-Verlag},
  address = {Berlin, Heidelberg},
  doi = {10.1007/978-3-540-45330-7},
  isbn = {0075-8434}
}

@book{carmoDifferentialGeometryCurves1976,
  title = {{Differential Geometry of Curves and Surfaces}},
  author = {do Carmo, Manfredo Perdig{\~a}o},
  year = {1976},
  publisher = {Prentice-Hall},
  address = {Englewood Cliffs, NJ, USA},
  isbn = {978-0-13-212589-5},
  langid = {engpor},
  lccn = {QA641 .C33}
}

@book{docarmoRiemannianGeometry2013,
  title = {Riemannian {{Geometry}}},
  author = {{do Carmo}, Manfredo Perdig{\~a}o},
  year = {2013},
  series = {Mathematics: Theory \& Applications},
  edition = {14., corrected print},
  publisher = {Birkh{\"a}user},
  address = {Boston Basel Berlin},
  isbn = {978-0-8176-3490-2 978-3-7643-3490-1},
  langid = {english}
}

@article{donaldsonApplicationGaugeTheory1983,
  title = {An Application of Gauge Theory to Four-Dimensional Topology},
  author = {Donaldson, Simon K.},
  year = {1983},
  journal = {Journal of Differential Geometry},
  volume = {18},
  number = {2},
  pages = {279--315},
  issn = {0022-040X},
  doi = {10.4310/jdg/1214437665}
}

@article{freedmanTopologyFourdimensionalManifolds1982,
  title = {The Topology of Four-Dimensional Manifolds},
  author = {Freedman, Michael Hartley},
  year = {1982},
  journal = {Journal of Differential Geometry},
  volume = {17},
  number = {3},
  pages = {357--453},
  issn = {0022-040X},
  doi = {10.4310/jdg/1214437136}
}

@book{gallierDifferentialGeometryLie2020,
  title = {Differential {{Geometry}} and {{Lie Groups}}: {{A Computational Perspective}}},
  author = {Gallier, Jean and Quaintance, Jocelyn},
  year = {2020},
  series = {Geometry and {{Computing}}},
  volume = {12},
  publisher = {Springer Nature Switzerland},
  address = {Cham},
  doi = {10.1007/978-}
}

@book{gallierDifferentialGeometryLie2020a,
  title = {Differential {{Geometry}} and {{Lie Groups}}},
  author = {Gallier, Jean and Quaintance, Jocelyn},
  year = {2020},
  series = {A {{Second Course}}},
  volume = {13},
  publisher = {Springer International Publishing},
  address = {Cham},
  doi = {10.1007/978-3-030-46047-1},
  isbn = {1866-6795}
}

@article{geigesBriefHistoryContact2001,
  title = {A Brief History of Contact Geometry and Topology},
  author = {Geiges, Hansj{\"o}rg},
  year = {2001},
  journal = {Expositiones Mathematicae},
  volume = {19},
  number = {1},
  pages = {25--53},
  issn = {07230869},
  doi = {10.1016/S0723-0869(01)80014-1},
  copyright = {https://www.elsevier.com/tdm/userlicense/1.0/},
  langid = {english}
}

@article{geigesChristiaanHuygensContact2005,
  title = {Christiaan {{Huygens}} and Contact Geometry},
  author = {Geiges, Hansj{\"o}rg Curd},
  year = {2005},
  journal = {Nieuw Archief voor Wiskunde (Vijfde Serie)},
  volume = {6},
  pages = {117--123},
  publisher = {Universiteit Leiden}
}

@article{gompfThreeExotic1983,
  author = {Gompf, Robert E.},
  year = {1983},
  journal = {Journal of Differential Geometry},
  volume = {18},
  number = {2},
  pages = {317--328},
  issn = {0022-040X},
  doi = {10.4310/jdg/1214437666},
  title = {Three Exotic {$\mathbf{R}^4$}'s and Other Anomalies}
}

@book{guilleminDifferentialTopology2010,
  title = {Differential {{Topology}}},
  author = {Guillemin, Victor and Pollack, Alan},
  year = {2010},
  series = {{{AMS Chelsea Publishing}}},
  number = {370},
  publisher = {American Mathematical Society},
  address = {Providence, RI, USA},
  isbn = {978-0-8218-5193-7},
  langid = {english},
  lccn = {514.72}
}

@book{hallLieGroupsLie2015,
  title = {Lie {{Groups}}, {{Lie Algebras}}, and {{Representations}}: {{An Elementary Introduction}}},
  shorttitle = {Lie {{Groups}}, {{Lie Algebras}}, and {{Representations}}},
  author = {Hall, Brian C.},
  year = {2015},
  series = {Graduate {{Texts}} in {{Mathematics}}},
  edition = {2nd ed. 2015},
  number = {222},
  publisher = {Springer},
  address = {Cham},
  doi = {10.1007/978-3-319-13467-3},
  isbn = {978-3-319-13466-6 978-3-319-13467-3},
  langid = {english}
}

@book{helgasonDifferentialGeometryLie1978,
  title = {Differential {{Geometry}}, {{Lie Groups}}, and {{Symmetric Spaces}}},
  author = {Helgason, Sigurdur},
  year = {1978},
  series = {Pure and {{Applied Mathematics}}},
  volume = {80},
  publisher = {Academic Press},
  address = {New York}
}

@article{kervaireGroupsHomotopySpheres1963a,
  title = {Groups of Homotopy Spheres: {{I}}},
  shorttitle = {Groups of {{Homotopy Spheres}}},
  author = {Kervaire, Michel A. and Milnor, John W.},
  year = {1963},
  month = may,
  journal = {The Annals of Mathematics},
  volume = {77},
  number = {3},
  eprint = {1970128},
  eprinttype = {jstor},
  pages = {504},
  issn = {0003486X},
  doi = {10.2307/1970128}
}

@book{leeIntroductionSmoothManifolds2013,
  title = {Introduction to {{Smooth Manifolds}}},
  author = {Lee, John M.},
  year = {2013},
  series = {Graduate {{Texts}} in {{Mathematics}}},
  edition = {Second},
  number = {218},
  publisher = {Springer},
  address = {New York, NY, USA},
  isbn = {978-1-4419-9982-5}
}

@book{levi-civitaAbsoluteDifferentialCalculus1947,
  title = {The {{Absolute Differential Calculus}} ({{Calculus}} of {{Tensors}})},
  author = {{Levi-Civita}, Tullio},
  editor = {Persico, Enrico},
  translator = {Long, Marjorie},
  year = {1947},
  publisher = {Blackie \& Son Limited},
  address = {London and Glasgow}
}

@article{levi-civitaNozioneDiParallelismo1916,
  title = {{Nozione di parallelismo in una variet{\`a} qualunque e conseguente specificazione geometrica della curvatura riemanniana}},
  author = {{Levi-Civita}, Memoria Di T.},
  year = {1916},
  month = dec,
  journal = {Rendiconti del Circolo Matematico di Palermo},
  volume = {42},
  number = {1},
  pages = {173--204},
  issn = {0009-725X, 1973-4409},
  doi = {10.1007/BF03014898},
  copyright = {http://www.springer.com/tdm},
  langid = {italian}
}

@article{Lie1872,
  title = {Zur {{Theorie}} Partieller {{Differentialgleichungen}} Erster {{Ordnung}}, Insbesondere {\"U}ber Eine {{Classifikation}} Derselben},
  author = {Lie, Sophus},
  year = {1872},
  journal = {Nachrichten von der K{\"o}niglichen Gesellschaft der Wissenschaften und der Georg-Augusts-Universit{\"a}t zu G{\"o}ttingen},
  volume = {1872},
  pages = {473--489}
}

@book{mcduffIntroductionSymplecticTopology2017,
  title = {Introduction to {{Symplectic Topology}}},
  author = {McDuff, Dusa and Salamon, Dietmar},
  year = {2017},
  series = {Oxford {{Graduate Texts}} in {{Mathematics}}},
  volume = {1},
  publisher = {Oxford University Press, Oxford},
  doi = {10.1093/oso/9780198794899.001.0001},
  isbn = {978-0-19-879490-5 978-0-19-879489-9}
}

@article{milnorManifoldsHomeomorphic7sphere1956,
  title = {On Manifolds Homeomorphic to the 7-Sphere},
  author = {Milnor, John},
  year = {1956},
  month = sep,
  journal = {The Annals of Mathematics},
  volume = {64},
  number = {2},
  eprint = {1969983},
  eprinttype = {jstor},
  pages = {399--405},
  issn = {0003486X},
  doi = {10.2307/1969983}
}

@book{needhamVisualDifferentialGeometry2021,
  title = {Visual {{Differential Geometry}} and {{Forms}}: {{A}} Mathematical Drama in Five Acts},
  shorttitle = {Visual Differential Geometry and Forms},
  author = {Needham, Tristan},
  year = {2021},
  publisher = {Princeton University Press},
  address = {Princeton},
  isbn = {978-0-691-20370-6 978-0-691-20369-0},
  langid = {english}
}

@book{oneillElementaryDifferentialGeometry2006,
  title = {Elementary Differential Geometry},
  author = {O'Neill, Barrett},
  year = {2006},
  edition = {revised 2nd},
  publisher = {Academic Press},
  address = {Amsterdam},
  isbn = {978-0-12-088735-4},
  langid = {english},
  lccn = {516.36}
}

@article{taubesGaugeTheoryAsymptotically1987,
  author = {Taubes, Clifford Henry},
  year = {1987},
  journal = {Journal of Differential Geometry},
  volume = {25},
  number = {3},
  pages = {363--430},
  issn = {0022-040X},
  doi = {10.4310/jdg/1214440981},
  title = {Gauge Theory on Asymptotically Periodic {$4$}-Manifolds}
}

@book{warneriiiFoundationsDifferentiableManifolds1983,
  title = {Foundations of Differentiable Manifolds and {{Lie}} Groups},
  author = {Warner III, Frank Wilson},
  year = {1983},
  series = {Graduate {{Texts}} in {{Mathematics}}},
  volume = {94},
  pages = {272},
  publisher = {Springer-Verlag, New York-Berlin},
  isbn = {0-387-90894-3}
}

@article{whitneySelfintersectionsSmoothnmanifold1944,
  author = {Whitney, Hassler},
  year = {1944},
  month = apr,
  journal = {The Annals of Mathematics},
  volume = {45},
  number = {2},
  eprint = {1969265},
  eprinttype = {jstor},
  pages = {220--246},
  issn = {0003486X},
  doi = {10.2307/1969265},
  title = {The Self-Intersections of a Smooth {$n$}-Manifold in {$2n$}-Space}
}

@article{whitneySingularitiesSmoothnmanifold1944,
  author = {Whitney, Hassler},
  year = {1944},
  month = apr,
  journal = {The Annals of Mathematics},
  volume = {45},
  number = {2},
  eprint = {1969266},
  eprinttype = {jstor},
  pages = {247--293},
  issn = {0003486X},
  doi = {10.2307/1969266},
  title = {The Singularities of a Smooth {$n$}-Manifold in {$(2n - 1)$}-Space}
}

@article{zdravkovicHelicoidalPeyrardBishopModel2011,
  title = {Helicoidal {{Peyrard--Bishop}} Model of {{DNA}} Dynamics},
  author = {Zdravkovi{\'c}, Slobodan},
  year = {2011},
  journal = {Journal of Nonlinear Mathematical Physics},
  volume = {18},
  number = {Suppl. 2},
  pages = {463--484},
  doi = {10.1142/S1402925111001635}
}
