@article{ward96,
author = {A. J. Ward and J. B. Pendry},
title = {Refraction and geometry in Maxwell's equations},
journal = {Journal of Modern Optics},
volume = {43},
number = {4},
pages = {773--793},
year = {1996},
publisher = {Taylor \& Francis},
doi = {10.1080/09500349608232782},


URL = { 
        https://doi.org/10.1080/09500349608232782

},
eprint = { 
        https://doi.org/10.1080/09500349608232782

}

}
